<?xml version="1.0" encoding="utf-8"?>
<record xmlns="http://www.loc.gov/MARC21/slim" xmlns:xsi="http://www.w3.org/2001/XMLSchema-instance" xsi:schemaLocation="http://www.loc.gov/MARC21/slim http://www.loc.gov/standards/marcxml/schema/MARC21slim.xsd">
	<leader>     nam a22        4500</leader>
	<controlfield tag="001">7491388</controlfield>
	<controlfield tag="003">NIC</controlfield>
	<controlfield tag="006">m        d        </controlfield>
	<controlfield tag="007">cr cn |||m|||a</controlfield>
	<controlfield tag="008">150505s1936    ua      ob    000 0 ara d</controlfield>
	<datafield ind1=" " ind2=" " tag="040">
		<subfield code="a">NNU</subfield>
		<subfield code="b">eng</subfield>
		<subfield code="e">rda</subfield>
		<subfield code="c">NNU</subfield>
	</datafield>
	<datafield ind1=" " ind2=" " tag="043">
		<subfield code="a">e-gr---</subfield>
	</datafield>
	<datafield ind1=" " ind2="4" tag="050">
		<subfield code="a">B293</subfield>
		<subfield code="b">.A74 M47</subfield>
	</datafield>
	<datafield ind1="1" ind2="4" tag="050">
		<subfield code="a">B293.A7</subfield>
		<subfield code="b">M39 1936</subfield>
	</datafield>
	<datafield ind1=" " ind2="4" tag="082">
		<subfield code="a">182.2</subfield>
	</datafield>
	<datafield ind1="1" ind2=" " tag="100">
		<subfield code="6">880-01</subfield>
		<subfield code="a">Maẓhar, Ismāʻīl.</subfield>
	</datafield>
	<datafield ind1="1" ind2="0" tag="245">
		<subfield code="6">880-02</subfield>
		<subfield code="a">Falsafat al-ladhdhah wa-al-alam :</subfield>
		<subfield code="b">Arisṭubbus wa-shīʻatuhu : aṣḥāb al-madhhab al-qūrīnī fī falsafat al-ladhdhah wa-al-alam, maʻa lamḥah ilá tārīkh al-madhhab wa-taṭawwurihi mundhu nashāʼtihi ilá al-ān, mashfūʻah bi-muqāranāt shattá tadūr ḥawla ittikhādh al-ladhdhah al-rāhibah asāsan lil-sulūk /</subfield>
		<subfield code="c">Ismāʻīl Maẓhar.</subfield>
	</datafield>
	<datafield ind1=" " ind2=" " tag="260">
		<subfield code="6">880-03</subfield>
		<subfield code="a">[Cairo, Egypt] :</subfield>
		<subfield code="b">[publisher not identified],</subfield>
		<subfield code="c">[1936]</subfield>
		<subfield code="e">(al-Qāhirah :</subfield>
		<subfield code="f">al-Maktabah al-Nahḍah al-Misriyah)</subfield>
	</datafield>
	<datafield ind1=" " ind2=" " tag="300">
		<subfield code="a">online resource (258 pages)</subfield>
	</datafield>
	<datafield ind1=" " ind2=" " tag="336">
		<subfield code="a">text</subfield>
		<subfield code="2">rdacontent</subfield>
	</datafield>
	<datafield ind1=" " ind2=" " tag="337">
		<subfield code="a">computer</subfield>
		<subfield code="2">rdamedia</subfield>
	</datafield>
	<datafield ind1=" " ind2=" " tag="338">
		<subfield code="a">online resource</subfield>
		<subfield code="2">rdacarrier</subfield>
	</datafield>
	<datafield ind1=" " ind2=" " tag="500">
		<subfield code="a">Part of the Arabic Collections Online (ACO) project, contributed by Cornell University Libraries.</subfield>
	</datafield>
	<datafield ind1=" " ind2=" " tag="504">
		<subfield code="a">Includes bibliographical references.</subfield>
	</datafield>
	<datafield ind1=" " ind2=" " tag="533">
		<subfield code="a">Electronic reproduction.</subfield>
		<subfield code="b">New York, N.Y. :</subfield>
		<subfield code="c">New York University,</subfield>
		<subfield code="d">2015.</subfield>
		<subfield code="5">NNU</subfield>
	</datafield>
	<datafield ind1="0" ind2="0" tag="600">
		<subfield code="a">Aristippus,</subfield>
		<subfield code="d">435 B.C.?-356 B.C.?</subfield>
	</datafield>
	<datafield ind1=" " ind2="0" tag="650">
		<subfield code="a">Philosophers</subfield>
		<subfield code="z">Greece.</subfield>
	</datafield>
	<datafield ind1=" " ind2="0" tag="650">
		<subfield code="a">Philosophy, Ancient.</subfield>
	</datafield>
	<datafield ind1=" " ind2="0" tag="650">
		<subfield code="a">Hedonism.</subfield>
	</datafield>
	<datafield ind1="0" ind2="7" tag="600">
		<subfield code="a">Aristippus,</subfield>
		<subfield code="d">435 B.C.?-356 B.C.?</subfield>
		<subfield code="2">fast</subfield>
		<subfield code="0">(OCoLC)fst01805108</subfield>
	</datafield>
	<datafield ind1=" " ind2="7" tag="650">
		<subfield code="a">Hedonism.</subfield>
		<subfield code="2">fast</subfield>
		<subfield code="0">(OCoLC)fst00954467</subfield>
	</datafield>
	<datafield ind1=" " ind2="7" tag="650">
		<subfield code="a">Philosophers.</subfield>
		<subfield code="2">fast</subfield>
		<subfield code="0">(OCoLC)fst01060746</subfield>
	</datafield>
	<datafield ind1=" " ind2="7" tag="650">
		<subfield code="a">Philosophy, Ancient.</subfield>
		<subfield code="2">fast</subfield>
		<subfield code="0">(OCoLC)fst01060860</subfield>
	</datafield>
	<datafield ind1=" " ind2="7" tag="651">
		<subfield code="a">Greece.</subfield>
		<subfield code="2">fast</subfield>
		<subfield code="0">(OCoLC)fst01208380</subfield>
	</datafield>
	<datafield ind1="2" ind2=" " tag="710">
		<subfield code="a">Cornell University.</subfield>
		<subfield code="b">Libraries.</subfield>
	</datafield>
	<datafield ind1="0" ind2=" " tag="730">
		<subfield code="a">Arabic Collections Online.</subfield>
	</datafield>
	<datafield ind1="0" ind2="8" tag="776">
		<subfield code="i">Print version:</subfield>
		<subfield code="a">Maẓhar, Ismāʻīl.</subfield>
		<subfield code="t">Falsafat al-ladhdhah wa-al-alam</subfield>
		<subfield code="w">(NIC)7491388</subfield>
		<subfield code="w">(OCoLC)23507775</subfield>
	</datafield>
	<datafield ind1="4" ind2="0" tag="856">
		<subfield code="u">http://hdl.handle.net/2333.1/j3tx989b</subfield>
	</datafield>
	<datafield ind1="1" ind2=" " tag="880">
		<subfield code="6">100-01/r</subfield>
		<subfield code="a">مظهر، اسماعيل.</subfield>
	</datafield>
	<datafield ind1="1" ind2="0" tag="880">
		<subfield code="6">245-02/r</subfield>
		<subfield code="a">فلسفة اللذة والالم :</subfield>
		<subfield code="b">ارسطبس وشيعته : اصحاب المذهب القوريني في فلسفة اللذة والالم، مع لمحة الى تاريخ المذهب وتطوره منذ نشاءته الى الان، مشفوعة بمقارنات شتى تدور حول اتخاذ اللذة الراهبة اساسن للسلوك /</subfield>
		<subfield code="c">اسماعيل مظهر.</subfield>
	</datafield>
	<datafield ind1=" " ind2=" " tag="880">
		<subfield code="6">260-03/r</subfield>
		<subfield code="a">[Cairo, Egypt] :</subfield>
		<subfield code="b">[publisher not identified],</subfield>
		<subfield code="c">[1936]</subfield>
		<subfield code="e">(al-Qāhirah (القاهرة :</subfield>
		<subfield code="f">المكتبة النهضة المصريه)</subfield>
	</datafield>
	<datafield ind1=" " ind2=" " tag="959">
		<subfield code="a">NNU</subfield>
		<subfield code="b">WEB</subfield>
		<subfield code="c">GENI</subfield>
		<subfield code="t">0</subfield>
		<subfield code="m">Electronic access</subfield>
		<subfield code="s">01</subfield>
	</datafield>
	<datafield ind1=" " ind2=" " tag="999">
		<subfield code="i">NIC_7491388</subfield>
		<subfield code="o">(OCoLC)ocm23507775</subfield>
		<subfield code="s">cornell_aco000207</subfield>
		<subfield code="e">(ERROR-880)</subfield>
		<subfield code="s">cornell_aco000207</subfield>
	</datafield>
</record>
